@article{qsvm, title={Supervised learning with quantum-enhanced feature spaces}, volume={567}, DOI={10.1038/s41586-019-0980-2}, number={7747}, journal={Nature}, author={Havlíček, Vojtěch and Córcoles, Antonio D. and Temme, Kristan and Harrow, Aram W. and Kandala, Abhinav and Chow, Jerry M. and Gambetta, Jay M.}, year={2019}, pages={209–212}}

@article{var_circ1,
       author = {{Mitarai}, K. and {Negoro}, M. and {Kitagawa}, M. and {Fujii}, K.},
        title = "{Quantum circuit learning}",
      journal = {\pra},
     keywords = {Quantum Physics},
         year = "2018",
        month = "Sep",
       volume = {98},
       number = {3},
          eid = {032309},
        pages = {032309},
          doi = {10.1103/PhysRevA.98.032309},
archivePrefix = {arXiv},
       eprint = {1803.00745},
 primaryClass = {quant-ph},
       adsurl = {https://ui.adsabs.harvard.edu/abs/2018PhRvA..98c2309M},
      adsnote = {Provided by the SAO/NASA Astrophysics Data System}
}

@ARTICLE{var_circ2,
       author = {{Farhi}, Edward and {Neven}, Hartmut},
        title = "{Classification with Quantum Neural Networks on Near Term Processors}",
      journal = {arXiv e-prints},
     keywords = {Quantum Physics},
         year = "2018",
        month = "Feb",
          eid = {arXiv:1802.06002},
        pages = {arXiv:1802.06002},
archivePrefix = {arXiv},
       eprint = {1802.06002},
 primaryClass = {quant-ph},
       adsurl = {https://ui.adsabs.harvard.edu/abs/2018arXiv180206002F},
      adsnote = {Provided by the SAO/NASA Astrophysics Data System}
}

@ARTICLE{qml,
       author = {{Biamonte}, Jacob and {Wittek}, Peter and {Pancotti}, Nicola and
         {Rebentrost}, Patrick and {Wiebe}, Nathan and {Lloyd}, Seth},
        title = "{Quantum machine learning}",
      journal = {\nat},
     keywords = {Quantum Physics, Condensed Matter - Strongly Correlated Electrons, Statistics - Machine Learning},
         year = "2017",
        month = "Sep",
       volume = {549},
       number = {7671},
        pages = {195-202},
          doi = {10.1038/nature23474},
archivePrefix = {arXiv},
       eprint = {1611.09347},
 primaryClass = {quant-ph},
       adsurl = {https://ui.adsabs.harvard.edu/abs/2017Natur.549..195B},
      adsnote = {Provided by the SAO/NASA Astrophysics Data System}
}

@ARTICLE{autoencoders,
       author = {{Romero}, Jonathan and {Olson}, Jonathan P. and {Aspuru-Guzik}, Alan},
        title = "{Quantum autoencoders for efficient compression of quantum data}",
      journal = {Quantum Science and Technology},
     keywords = {Quantum Physics},
         year = "2017",
        month = "Dec",
       volume = {2},
       number = {4},
        pages = {045001},
          doi = {10.1088/2058-9565/aa8072},
archivePrefix = {arXiv},
       eprint = {1612.02806},
 primaryClass = {quant-ph},
       adsurl = {https://ui.adsabs.harvard.edu/abs/2017QS&T....2d5001R},
      adsnote = {Provided by the SAO/NASA Astrophysics Data System}
}

@ARTICLE{feedforward,
       author = {{Wan}, Kwok Ho and {Dahlsten}, Oscar and {Kristj{\'a}nsson}, Hl{\'e}r and
         {Gardner}, Robert and {Kim}, M.~S.},
        title = "{Quantum generalisation of feedforward neural networks}",
      journal = {npj Quantum Information},
     keywords = {Quantum Physics},
         year = "2017",
        month = "Sep",
       volume = {3},
          eid = {36},
        pages = {36},
          doi = {10.1038/s41534-017-0032-4},
archivePrefix = {arXiv},
       eprint = {1612.01045},
 primaryClass = {quant-ph},
       adsurl = {https://ui.adsabs.harvard.edu/abs/2017npjQI...3...36W},
      adsnote = {Provided by the SAO/NASA Astrophysics Data System}
}

@ARTICLE{lloydlearning,
       author = {{Lloyd}, Seth and {Mohseni}, Masoud and {Rebentrost}, Patrick},
        title = "{Quantum algorithms for supervised and unsupervised machine learning}",
      journal = {arXiv e-prints},
     keywords = {Quantum Physics},
         year = "2013",
        month = "Jul",
          eid = {arXiv:1307.0411},
        pages = {arXiv:1307.0411},
archivePrefix = {arXiv},
       eprint = {1307.0411},
 primaryClass = {quant-ph},
       adsurl = {https://ui.adsabs.harvard.edu/abs/2013arXiv1307.0411L},
      adsnote = {Provided by the SAO/NASA Astrophysics Data System}
}

@misc{multiclass, title={Multiclass Extension}, howpublished={\url{https://qiskit.org/documentation/aqua/multiclass_extensions.html}}, note={Accessed: 2019-8-6}}

@InProceedings{quantumworld,
author="A{\"i}meur, Esma
and Brassard, Gilles
and Gambs, S{\'e}bastien",
editor="Lamontagne, Luc
and Marchand, Mario",
title="Machine Learning in a Quantum World",
booktitle="Advances in Artificial Intelligence",
year="2006",
publisher="Springer Berlin Heidelberg",
address="Berlin, Heidelberg",
pages="431--442",
abstract="Quantum Information Processing (QIP) performs wonders in a world that obeys the laws of quantum mechanics, whereas Machine Learning (ML) is generally assumed to be done in a classical world. We initiate an investigation of the encounter of ML with QIP by defining and studying novel learning tasks that correspond to Machine Learning in a world in which the information is fundamentally quantum mechanical. We shall see that this paradigm shift has a profound impact on the learning process and that our classical intuition is often challenged.",
isbn="978-3-540-34630-2"
}

@ARTICLE{featureHilbertSpace,
       author = {{Schuld}, Maria and {Killoran}, Nathan},
        title = "{Quantum machine learning in feature Hilbert spaces}",
      journal = {arXiv e-prints},
     keywords = {Quantum Physics},
         year = "2018",
        month = "Mar",
          eid = {arXiv:1803.07128},
        pages = {arXiv:1803.07128},
archivePrefix = {arXiv},
       eprint = {1803.07128},
 primaryClass = {quant-ph},
       adsurl = {https://ui.adsabs.harvard.edu/abs/2018arXiv180307128S},
      adsnote = {Provided by the SAO/NASA Astrophysics Data System}
}

@ARTICLE{circuitcentric,
       author = {{Schuld}, Maria and {Bocharov}, Alex and {Svore}, Krysta and
         {Wiebe}, Nathan},
        title = "{Circuit-centric quantum classifiers}",
      journal = {arXiv e-prints},
     keywords = {Quantum Physics},
         year = "2018",
        month = "Apr",
          eid = {arXiv:1804.00633},
        pages = {arXiv:1804.00633},
archivePrefix = {arXiv},
       eprint = {1804.00633},
 primaryClass = {quant-ph},
       adsurl = {https://ui.adsabs.harvard.edu/abs/2018arXiv180400633S},
      adsnote = {Provided by the SAO/NASA Astrophysics Data System}
}

@ARTICLE{lloydqsvm,
       author = {{Rebentrost}, Patrick and {Mohseni}, Masoud and {Lloyd}, Seth},
        title = "{Quantum Support Vector Machine for Big Data Classification}",
      journal = {\prl},
     keywords = {03.67.Ac, 07.05.Mh, Quantum algorithms protocols and simulations, Neural networks fuzzy logic artificial intelligence, Quantum Physics, Computer Science - Machine Learning},
         year = "2014",
        month = "Sep",
       volume = {113},
       number = {13},
          eid = {130503},
        pages = {130503},
          doi = {10.1103/PhysRevLett.113.130503},
archivePrefix = {arXiv},
       eprint = {1307.0471},
 primaryClass = {quant-ph},
       adsurl = {https://ui.adsabs.harvard.edu/abs/2014PhRvL.113m0503R},
      adsnote = {Provided by the SAO/NASA Astrophysics Data System}
}

@Article{Smola2004,
author="Smola, Alex J.
and Sch{\"o}lkopf, Bernhard",
title="A tutorial on support vector regression",
journal="Statistics and Computing",
year="2004",
month="Aug",
day="01",
volume="14",
number="3",
pages="199--222",
abstract="In this tutorial we give an overview of the basic ideas underlying Support Vector (SV) machines for function estimation. Furthermore, we include a summary of currently used algorithms for training SV machines, covering both the quadratic (or convex) programming part and advanced methods for dealing with large datasets. Finally, we mention some modifications and extensions that have been applied to the standard SV algorithm, and discuss the aspect of regularization from a SV perspective.",
issn="1573-1375",
doi="10.1023/B:STCO.0000035301.49549.88",
url="https://doi.org/10.1023/B:STCO.0000035301.49549.88"
}

@ARTICLE{qmeans,
       author = {{Kerenidis}, Iordanis and {Landman}, Jonas and {Luongo}, Alessandro and
         {Prakash}, Anupam},
        title = "{q-means: A quantum algorithm for unsupervised machine learning}",
      journal = {arXiv e-prints},
     keywords = {Quantum Physics, Computer Science - Machine Learning},
         year = "2018",
        month = "Dec",
          eid = {arXiv:1812.03584},
        pages = {arXiv:1812.03584},
archivePrefix = {arXiv},
       eprint = {1812.03584},
 primaryClass = {quant-ph},
       adsurl = {https://ui.adsabs.harvard.edu/abs/2018arXiv181203584K},
      adsnote = {Provided by the SAO/NASA Astrophysics Data System}
}

@ARTICLE{stevens,
       author = {{Chatterjee}, Rupak and {Yu}, Ting},
        title = "{Generalized Coherent States, Reproducing Kernels, and Quantum Support Vector Machines}",
      journal = {arXiv e-prints},
     keywords = {Quantum Physics},
         year = "2016",
        month = "Dec",
          eid = {arXiv:1612.03713},
        pages = {arXiv:1612.03713},
archivePrefix = {arXiv},
       eprint = {1612.03713},
 primaryClass = {quant-ph},
       adsurl = {https://ui.adsabs.harvard.edu/abs/2016arXiv161203713C},
      adsnote = {Provided by the SAO/NASA Astrophysics Data System}
}

